<record xmlns="http://www.loc.gov/MARC21/slim" xmlns:xsi="http://www.w3.org/2001/XMLSchema-instance" xsi:schemaLocation="http://www.loc.gov/MARC21/slim http://www.loc.gov/standards/marcxml/schema/MARC21slim.xsd">

  <leader>00522nam a2200145Ia 4500</leader>
  <datafield tag="999" ind1=" " ind2=" ">
    <subfield code="c">2043</subfield>
    <subfield code="d">2043</subfield>
  </datafield>
  <controlfield tag="008">180904b2006    cr ||||| |||| 00| u spa d</controlfield>
  <datafield ind2=" " ind1=" " tag="090">
    <subfield code="a">09.02.01 </subfield>
    <subfield code="b">1701</subfield>
  </datafield>
  <datafield tag="110" ind1=" " ind2=" ">
    <subfield code="a">Costa Rica. Instituto Nacional de Estadística y Censos</subfield>
    <subfield code="9">546</subfield>
  </datafield>
  <datafield ind1="1" ind2="0" tag="245">
    <subfield code="a">Principales características del Indice de precios al consumidor / </subfield>
    <subfield code="c">Instituto Nacional de Estadística y Censos</subfield>
  </datafield>
  <datafield ind2=" " ind1=" " tag="260">
    <subfield code="a">Costa Rica : </subfield>
    <subfield code="b">INEC, </subfield>
    <subfield code="c">2006</subfield>
  </datafield>
  <datafield ind2=" " ind1=" " tag="300">
    <subfield code="a">24 páginas.</subfield>
  </datafield>
  <datafield ind2="4" ind1="1" tag="650">
    <subfield code="a">PRECIOS AL CONSUMIDOR</subfield>
    <subfield code="9">4179</subfield>
  </datafield>
  <datafield ind2="4" ind1="1" tag="650">
    <subfield code="a">COSTO DE LA VIDA</subfield>
    <subfield code="9">4180</subfield>
  </datafield>
  <datafield tag="942" ind2=" " ind1=" ">
    <subfield code="2">z</subfield>
    <subfield code="c">01</subfield>
  </datafield>
</record>